% ESG 
@article{hinton2022forward,
  title={The Forward-Forward Algorithm: Some Preliminary Investigations. 2022},
  author={Hinton, Geoffrey},
  journal={URL: https://arxiv. org/abs/2212.13345},
  year={2022}
}

@misc{malladi2023finetuning,
      title={Fine-Tuning Language Models with Just Forward Passes}, 
      author={Sadhika Malladi and Tianyu Gao and Eshaan Nichani and Alex Damian and Jason D. Lee and Danqi Chen and Sanjeev Arora},
      year={2023},
      eprint={2305.17333},
      archivePrefix={arXiv},
      primaryClass={cs.LG}
}

@article{lillicrap2020backpropagation,
  title={Backpropagation and the brain},
  author={Lillicrap, Timothy P and Santoro, Adam and Marris, Luke and Akerman, Colin J and Hinton, Geoffrey},
  journal={Nature Reviews Neuroscience},
  volume={21},
  number={6},
  pages={335--346},
  year={2020},
  publisher={Nature Publishing Group UK London}
}

@article{journe2022hebbian,
  title={Hebbian deep learning without feedback},
  author={Journ{\'e}, Adrien and Rodriguez, Hector Garcia and Guo, Qinghai and Moraitis, Timoleon},
  journal={arXiv preprint arXiv:2209.11883},
  year={2022}
}

@software{pal2023lux,
  author    = {Pal, Avik},
  title     = {{Lux: Explicit Parameterization of Deep Neural Networks in Julia}},
  month     = apr,
  year      = 2023,
  note      = {If you use this software, please cite it as below.},
  publisher = {Zenodo},
  version   = {v0.5.0},
  doi       = {10.5281/zenodo.7808904},
  url       = {https://doi.org/10.5281/zenodo.7808904}
}

@article{drever1983laser,
  title={Laser phase and frequency stabilization using an optical resonator},
  author={Drever, Ronald WP and Hall, John L and Kowalski, Frank V and Hough, James and Ford, GM and Munley, AJ and Ward, H},
  journal={Applied Physics B},
  volume={31},
  pages={97--105},
  year={1983},
  publisher={Springer}
}

%%% analog chips for NN
% photonic
@article{Pai_2023,
	doi = {10.1126/science.ade8450},
	url = {https://doi.org/10.1126%2Fscience.ade8450},
	year = 2023,
	month = {apr},
	publisher = {American Association for the Advancement of Science ({AAAS})},
	volume = {380},
	number = {6643},
	pages = {398--404},
	author = {Sunil Pai and Zhanghao Sun and Tyler W. Hughes and Taewon Park and Ben Bartlett and Ian A. D. Williamson and Momchil Minkov and Maziyar Milanizadeh and Nathnael Abebe and Francesco Morichetti and Andrea Melloni and Shanhui Fan and Olav Solgaard and David A. B. Miller},
	title = {Experimentally realized in situ backpropagation for deep learning in photonic neural networks}, 
	journal = {Science}
}
% analog
@article{le202364,
  title={A 64-core mixed-signal in-memory compute chip based on phase-change memory for deep neural network inference},
  author={Le Gallo, Manuel and Khaddam-Aljameh, Riduan and Stanisavljevic, Milos and Vasilopoulos, Athanasios and Kersting, Benedikt and Dazzi, Martino and Karunaratne, Geethan and Br{\"a}ndli, Matthias and Singh, Abhairaj and Mueller, Silvia M and others},
  journal={Nature Electronics},
  pages={1--14},
  year={2023},
  publisher={Nature Publishing Group UK London}
}
